@book{aristotle, 
  author       = {Aristotle}, 
  title        = {Physics}, 
  year         = {1929}, 
  publisher    = {G. P. Putnam}, 
}

@online{funduino,
  title = {Kits und Anleitungen f端r Arduino},
  url = {https://funduino.de}
}

@online{lernset,
  title = {Lernset Nr.8 mit UNO Controller - Kit f端r Arduino},
  url = {https://www.funduinoshop.com/epages/78096195.sf/de_DE/?ObjectPath=/Shops/78096195/Products/01-U8}
}
@online{texlive,
  title = {TeX Users Group},
  url = {https://www.tug.org/texlive/}
}

@online{vscode,
  title = {Visual Studio Code},
  url = {https://code.visualstudio.com/}
}

@online{arduinoCli,
  title = {Arduino command line interface},
  url = {https://github.com/arduino/arduino-cli}
}

@online{gitForWindows,
  title = {Git for Windows},
  url = {https://gitforwindows.org}
}

@online{tortoiseGit,
  title = {TortoiseGit},
  url = {https://tortoisegit.org/}
}

@online{beyondCompare,
  title = {Beyond Compare},
  url = {https://www.scootersoftware.com/download.php}
}

@online{latexWorkshop,
  title = {LaTeX Workshop},
  url = {https://github.com/James-Yu/LaTeX-Workshop}
}

@online{ESP8266,
  author = {Andrew Shvayka, Igor Kulikov, Igor Khanenko},
  title = {Temperature Dashboard Using Arduino UNO, ESP8266 And MQTT},
  url = {https://www.hackster.io/thingsboard/temperature-dashboard-using-arduino-uno-esp8266-and-mqtt-5e26eb}
}

@online{websocketcommunication,
  title = {WebSocket communication with an ESP8266 or Arduino in Python. Test with the ws4py library on Raspberry Pi},
  url = {https://diyprojects.io/websocket-communication-esp8266-arduino-python-test-ws4py-library-raspberry-pi/#.Xq6bKagzaUk}
}

@online{intellisense,
  title = {C/C++ IntelliSense, debugging, and code browsing.},
  url = {https://marketplace.visualstudio.com/items?itemName=ms-vscode.cpptools}
}

@online{literaturverzeichnis,
  title = {LaTeX: Literaturverzeichnis erstellen - so klappt's},
  url = {https://www.heise.de/tipps-tricks/LaTeX-Literaturverzeichnis-erstellen-so-klappt-s-4401420.html#%C3%9Cberschrift_1}
}

@online{inhaltsverzeichnis,
  title = {LaTeX: Inhaltsverzeichnis anlegen - so geht's},
  url = {https://www.heise.de/tipps-tricks/LaTeX-Inhaltsverzeichnis-anlegen-so-geht-s-4401672.html}
}

@online{arduino,
  title = {Arduino},
  url = {https://www.arduino.cc/}
}

@online{avrlibc,
  title = {AVR Libc},
  url = {https://www.nongnu.org/avr-libc/}
}

### Sketch Programming
* [www.arduino.cc](https://www.arduino.cc/)
* [Sprach-Referenz](https://www.arduino.cc/reference/de/)
* [Built-In Examples](https://www.arduino.cc/en/Tutorial/BuiltInExamples)
* [Blink Without Delay](https://www.arduino.cc/en/tutorial/BlinkWithoutDelay)
* [Arduino Programming Cheat Sheet](https://github.com/liffiton/Arduino-Cheat-Sheet)
* [Arduino Befehls端bersicht](https://www.arduinoforum.de/code-referenz)
* [The Evils of Arduino Strings](https://hackingmajenkoblog.wordpress.com/2016/02/04/the-evils-of-arduino-strings/)
* [What is Heap Fragmentation?](https://cpp4arduino.com/2018/11/06/what-is-heap-fragmentation.html)
* [Dynamic Memory Allocation and Fragmentation in C and C++](https://www.design-reuse.com/articles/25090/dynamic-memory-allocation-fragmentation-c.html)
* [Speicher in Embedded Systems](http://dodo.fb06.fh-muenchen.de/hermann/esII/es2-vl123-v12.pdf)
* [AVR Libc](https://www.nongnu.org/avr-libc/)
* [C++ vs. The Arduino Language?](https://arduino.stackexchange.com/questions/816/c-vs-the-arduino-language)
* [How C Program Stored in RAM?](http://www.vishalchovatiya.com/how-c-program-stored-in-ram-memory/)

### Dependencies / Libraries
* [Simple to use, blazing fast and thoroughly tested WebSocket client and server for Node.js](https://github.com/websockets/ws)
* [Node SerialPort](https://serialport.io/)
* [Simple yet flexible JavaScript charting for designers & developers](https://www.chartjs.org/)
* [Express Schnelles, offenes, unkompliziertes Web-Framework f端r Node.js](https://expressjs.com/)