@book{bartmannArduino, 
  author       = "Erik Bartmann", 
  title        = "Mit Arduino die elektronische Welt entdecken", 
  year         = "2017", 
  edition      = "3", 
  publisher    = "Bombini-Verlag", 
  ISBN         = "978-3-946496-00-7",
}

@book{bartmannESP8266, 
  author       = "Erik Bartmann", 
  title        = "Das ESP8266-Praxisbuch: Mit NodeMCU und ESPlorer", 
  year         = "2016", 
  publisher    = "Elektor Verlag", 
  ISBN         = "978-3-89576-321-2",
}

@book{bartmannESP32, 
  author       = "Erik Bartmann", 
  title        = "Das ESP32-Praxisbuch: Programmieren mit der Arduino-IDE", 
  year         = "2018", 
  publisher    = "Elektor Verlag", 
  ISBN         = "978-3-89576-333-5",
}

@online{lernset,
  organization = "Funduino",
  title = {Lernset Nr.8 mit UNO Controller - Kit f端r Arduino},
  url = {https://www.funduinoshop.com/epages/78096195.sf/de_DE/?ObjectPath=/Shops/78096195/Products/01-U8}
}

@online{temperatureDashboard,
  author = {Andrew Shvayka, Igor Kulikov, Igor Khanenko},
  title = {Temperature Dashboard Using Arduino UNO, ESP8266 And MQTT},
  url = {https://www.hackster.io/thingsboard/temperature-dashboard-using-arduino-uno-esp8266-and-mqtt-5e26eb}
}

@online{websocketcommunication,
  title = {WebSocket communication with an ESP8266 or Arduino in Python. Test with the ws4py library on Raspberry Pi},
  url = {https://diyprojects.io/websocket-communication-esp8266-arduino-python-test-ws4py-library-raspberry-pi/#.Xq6bKagzaUk}
}

@online{literaturverzeichnis,
  title = {LaTeX: Literaturverzeichnis erstellen - so klappt's},
  url = {https://www.heise.de/tipps-tricks/LaTeX-Literaturverzeichnis-erstellen-so-klappt-s-4401420.html#%C3%9Cberschrift_1}
}

@online{inhaltsverzeichnis,
  title = {LaTeX: Inhaltsverzeichnis anlegen - so geht's},
  url = {https://www.heise.de/tipps-tricks/LaTeX-Inhaltsverzeichnis-anlegen-so-geht-s-4401672.html}
}

@online{arduino,
  organization = "Arduino",
  title = {Arduino},
  url = {https://www.arduino.cc/}
}

@online{funduino,
  organization = "Funduino Anleitungen",
  title = {Kits und Anleitungen f端r Arduino},
  url = {https://funduino.de}
}

@online{avrlibc,
  title = {AVR Libc},
  url = {https://www.nongnu.org/avr-libc/}
}

@online{sprachreferenz,
  title = {Sprach-Referenz},
  url = {https://www.arduino.cc/reference/de/}
}

@online{codeReferenz,
  title = "Arduino Befehls端bersicht",
  url = "https://www.arduinoforum.de/code-referenz"
}

@online{arduinoCheatSheet,
  title = "Arduino Programming Cheat Sheet",
  url = "https://github.com/liffiton/Arduino-Cheat-Sheet"
}

@online{howtocprogramstoredinram,
  title = {How C Program Stored in RAM},
  url = {https://arduino.stackexchange.com/questions/816/c-vs-the-arduino-language}
}

@online{speicherinembeddedsystems,
  title = {Speicher in Embedded Systems},
  url = {http://dodo.fb06.fh-muenchen.de/hermann/esII/es2-vl123-v12.pdf}
}

@online{buildinexamples,
  organization = "Arduino",
  title = {Built-in examples},
  url = {https://www.arduino.cc/en/Tutorial/BuiltInExamples}
}

@online{texlive,
  organization = "TeX User Group",
  title = {TeX Live},
  url = {https://www.tug.org/texlive/}
}

@online{vscode,
  organization = "Microsoft",
  title = {Visual Studio Code},
  url = {https://code.visualstudio.com/}
}

@online{intellisense,
  organization = "Microsoft",
  title = {C/C++ IntelliSense, debugging, and code browsing.},
  url = {https://marketplace.visualstudio.com/items?itemName=ms-vscode.cpptools}
}

@online{arduinoCli,
  organization = "Arduino",
  title = "Arduino CLI",
  url = "https://github.com/arduino/arduino-cli"
}

@online{gitForWindows,
  title = "Git for Windows",
  url = "https://gitforwindows.org"
}

@online{tortoiseGit,
  title = "TortoiseGit",
  url = "https://tortoisegit.org"
}

@online{latexWorkshop,
  author = "James Yu",
  title = {LaTeX Workshop},
  url = {https://github.com/James-Yu/LaTeX-Workshop}
}

@online{websockets,
  title = "Simple to use, blazing fast and thoroughly tested WebSocket client and server for Node.js",
  url = "https://github.com/websockets/ws"
}

@online{serialPort,
  title = "Node SerialPort",
  url = "https://serialport.io"
}

@online{chartjs,
  title = "Simple yet flexible JavaScript charting for designers \& developers",
  url = "https://www.chartjs.org"
}

@online{express,
  title = {Express Schnelles, offenes, unkompliziertes Web-Framework f端r Node.js},
  url = "https://expressjs.com"
}

@online{arduinoStrings,
  title = "The Evils of Arduino Strings",
  url = "https://majenko.co.uk/blog/evils-arduino-strings",
  date = "2016-02-04"
}

@online{heapFragmentation,
  title = "What is Heap Fragmentation?",
  url = "https://cpp4arduino.com/2018/11/06/what-is-heap-fragmentation.html",
  date = "2018-11-06"
}

@online{heapFragmentation2,
  author = "Colin Walls",
  title = "Dynamic Memory Allocation and Fragmentation in C and C++",
  url = "https://www.design-reuse.com/articles/25090/dynamic-memory-allocation-fragmentation-c.html",
  date = "2018-11-06"
}

@online{arduinoLanguage,
  title = "C++ vs. The Arduino Language?",
  url = "https://arduino.stackexchange.com/questions/816/c-vs-the-arduino-language",
}

@online{cProgramInRam,
  title = "How C Program Stored in RAM?",
  url = "http://www.vishalchovatiya.com/how-c-program-stored-in-ram-memory",
}

@online{noDelay,
  title = "Blink Without Delay",
  url = "https://www.arduino.cc/en/tutorial/BlinkWithoutDelay",
}

